@inproceedings{pd-pat,
  author    = {Martin Sulzmann and
               Kenny Zhuo Ming Lu},
  title     = {Regular expression sub-matching using partial derivatives},
  booktitle = {PPDP},
  year      = {2012},
  pages     = {79-90},
  ee        = {http://doi.acm.org/10.1145/2370776.2370788},
  crossref  = {DBLP:conf/ppdp/2012},
  bibsource = {DBLP, http://dblp.uni-trier.de}
}

@proceedings{DBLP:conf/ppdp/2012,
  editor    = {Danny De Schreye and
               Gerda Janssens and
               Andy King},
  title     = {Principles and Practice of Declarative Programming, PPDP'12,
               Leuven, Belgium - September 19 - 21, 2012},
  booktitle = {PPDP},
  publisher = {ACM},
  year      = {2012},
  isbn      = {978-1-4503-1522-7},
  ee        = {http://dl.acm.org/citation.cfm?id=2370776},
  bibsource = {DBLP, http://dblp.uni-trier.de}
}

@incollection{pd-ere,
        year={2011},
        isbn={978-3-642-21253-6},
        booktitle={Language and Automata Theory and Applications},
        volume={6638},
        series={Lecture Notes in Computer Science},
        editor={Dediu, Adrian-Horia and Inenaga, Shunsuke and Mart√≠n-Vide, Carlos},
        doi={10.1007/978-3-642-21254-3_13},
        title={Partial Derivatives of an Extended Regular Expression},
        url={http://dx.doi.org/10.1007/978-3-642-21254-3_13},
        publisher={Springer Berlin Heidelberg},
        author={Caron, Pascal and Champarnaud, Jean-Marc and Mignot, Ludovic},
        pages={179-191}
}

@ONLINE{regexp3,
author = {Russ Cox},
title = {Regular Expression Matching in the Wild},
month = mar,
year = {2010},
url = {http://swtch.com/~rsc/regexp/regexp3.html}
}
